<?xml version="1.0" encoding="UTF-8"?><collection xmlns="http://www.loc.gov/MARC21/slim"><record><leader>00492nam--2200181-i-4500</leader><controlfield tag="001">000031384</controlfield><controlfield tag="002">20161230</controlfield><controlfield tag="005">20161230201038</controlfield><controlfield tag="008">060222s1000------------r-----000-0-eng-d</controlfield><datafield ind1=" " ind2=" " tag="040"><subfield code="a">IFIN-HH</subfield></datafield><datafield ind1=" " ind2=" " tag="080"><subfield code="a">534.1+538.551.25</subfield></datafield><datafield ind1="1" ind2=" " tag="100"><subfield code="a">Mclachlan, N.W</subfield></datafield><datafield ind1="1" ind2="0" tag="245"><subfield code="a">Theory of vibrations</subfield><subfield code="c">N.w. mclachlan</subfield></datafield><datafield ind1=" " ind2=" " tag="260"><subfield code="a">New York, Dover Publications, 1951</subfield></datafield><datafield ind1=" " ind2=" " tag="300"><subfield code="a">VI + 154P</subfield></datafield><datafield ind1=" " ind2=" " tag="490"><subfield code="a">The Dover Series In Mathematics And Physics</subfield></datafield><datafield ind1=" " ind2=" " tag="852"><subfield code="a">12926</subfield><subfield code="c">534</subfield></datafield><datafield ind1=" " ind2=" " tag="CAT"><subfield code="a">Sys</subfield><subfield code="c">20101006</subfield><subfield code="h">151954</subfield></datafield></record></collection>